@article{2012,
  title     = {Nonperturbative quantum gravity},
  volume    = {519},
  issn      = {0370-1573},
  url       = {http://dx.doi.org/10.1016/j.physrep.2012.03.007},
  doi       = {10.1016/j.physrep.2012.03.007},
  number    = {4-5},
  journal   = {Physics Reports},
  publisher = {Elsevier BV},
  author    = {Ambjørn, J. and Görlich, A. and Jurkiewicz, J. and Loll, R.},
  year      = {2012},
  month     = {Oct},
  pages     = {127–210}
}